%% This document is a bibtex of BP publications

@article{a:2019:1,
AUTHOR = {Pasquier, Beno\^{i}t and Primeau, Fran\c{c}ois},
title = {The F-1 method},
journal = {SIAM Journal on Scientific Computing},
YEAR = {in preparation},
}


@article{a:2018:1,
    AUTHOR = {Pasquier, B. and Holzer, M.},
    TITLE = {The number of past and future regenerations of iron in the ocean and its intrinsic fertilization efficiency},
    JOURNAL = {Biogeosciences},
    VOLUME = {15},
    YEAR = {2018},
    NUMBER = {23},
    PAGES = {7177--7203},
    DOI = {10.5194/bg-15-7177-2018}
}

@article{a:2017:1,
AUTHOR = {Pasquier, Beno\^{i}t and Holzer, Mark},
TITLE = {Inverse-model estimates of the ocean's coupled phosphorus, silicon, and iron cycles},
JOURNAL = {Biogeosciences},
VOLUME = {14},
YEAR = {2017},
NUMBER = {18},
PAGES = {4125--4159},
URL = {https://www.biogeosciences.net/14/4125/2017/},
DOI = {10.5194/bg-14-4125-2017}
}

@article{a:2016:2,
author = {Holzer, Mark and Frants, Marina and Pasquier, Beno\^{i}t},
title = {The age of iron and iron source attribution in the ocean},
journal = {Global Biogeochemical Cycles},
issn = {1944-9224},
volume = {30},
number = {10},
pages = {1454-1474},
doi = {10.1002/2016GB005418},
keywords = {marine iron cycle, mean iron age, iron age spectrum, iron source attribution, Green function methods, GEOTRACES},
year = {2016}
}

@article{a:2016:1,
author = {Pasquier, Beno\^{i}t and Holzer, Mark},
title = {The plumbing of the global biological pump: Efficiency control through leaks, pathways, and time scales},
journal = {Journal of Geophysical Research: Oceans},
volume = {121},
number = {8},
issn = {2169-9291},
doi = {10.1002/2016JC011821},
pages = {6367--6388},
keywords = {Biogeochemical cycles, processes, and modeling, Nutrients and nutrient cycling, Physical and chemical properties of seawater, Numerical modeling, Carbon cycling, biological pump, nutrient transport, phosphorus cycle, transport time scales, data-constrained matrix model, Green functions},
year = {2016},
}

@inproceedings{p:2018:1,
  author = {Pasquier, Beno\^{i}t and Holzer, Mark},
  title = {Inverse-model estimates of the ocean's coupled phosphorus, silicon, and iron cycles.},
  booktitle = {Ocean Sciences Meeting},
  address = {Portland, Oregon, USA},
  year = {2018},
  month = Feb,
  howpublished = {poster},
}

@inproceedings{p:2017:1,
  author = {Pasquier, Beno\^{i}t and Holzer, Mark},
  title = {Response of the biological pump to perturbations in the iron supply: Global teleconnections diagnosed using an inverse model of the coupled phosphorus-silicon-iron nutrient cycles},
  booktitle = {AMOS National Conference},
  address = {Canberra, Australia},
  year = {2017},
  month = Feb,
  howpublished = {poster},
}

@inproceedings{p:2016:1,
  author = {Pasquier, Beno\^{i}t and Holzer, Mark},
  title = {Iron control on global productivity: an efficient inverse model of the ocean's coupled phosphate, silicon, and iron cycles},
  booktitle = {Ocean Sciences Meeting},
  address = {New Orleans, Louisiana, USA},
  year = {2016},
  month = Feb,
  howpublished = {poster},
}

@inproceedings{p:2015:1,
  author = {Pasquier, Beno\^{i}t and Holzer, Mark},
  title = {The plumbing of the global biological pump},
  booktitle = {AMOS National Conference},
  address = {Brisbane, Australia},
  year = {2015},
  month = Jul,
  howpublished = {poster},
}
